@book{knuth1979tex,
  title={TEX and METAFONT: New directions in typesetting},
  author={Knuth, Donald Ervin},
  year={1979},
  publisher={American Mathematical Society}
}

@book{lamport1994latex,
  title={LATEX: a document preparation system: user's guide and reference manual},
  author={Lamport, Leslie},
  year={1994},
  publisher={Addison-Wesley}
}

@book{glasman2010science,
  title={Science research writing for non-native speakers of English},
  author={Glasman-Deal, Hilary},
  year={2010},
  publisher={World Scientific}
}

@book{sparling1989english,
  title={English or Czenglish? Jak se vyhnout čechismům v angličtině},
  author={Sparling, Don},
  year={1989},
  publisher={Státní pedagogické nakladatelství}
}

@book{tufte1990envisioning,
  title={Envisioning information},
  author={Tufte, Edward R and Goeler, Nora Hillman and Benson, Richard},
  year={1990},
  publisher={Graphics press Cheshire, CT}
}

@book{tufte1983visual,
  title={Visual display of quantitative information},
  author={Tufte, Edward R},
  year={1983},
  publisher={Graphics press Cheshire, CT}
}

@book{wilke2019fundamentals,
  title={Fundamentals of Data Visualization},
  author={Wilke, Claus O},
  year={2019},
  publisher={O'Reilly Media, Inc.},
  url={https://clauswilke.com/dataviz/},
  isbn={9781492031086}
}

@techreport{tantau2015tikz,
  title={The TikZ and PGF Packages (Manual for version 3.1.8b)},
  author={Tantau, Till},
  year={2020},
  institution={Institut f{\"u}r Theoretische Informatik Universit{\"a}t zu L{\"u}beck},
  url={http://mirrors.ctan.org/graphics/pgf/base/doc/pgfmanual.pdf}
}

@article{chen2020nanoscale,
  title={Nanoscale room-temperature multilayer skyrmionic synapse for deep spiking neural networks},
  author={Chen, Runze and Li, Chen and Li, Yu and Miles, James J and Indiveri, Giacomo and Furber, Steve and Pavlidis, Vasilis F and Moutafis, Christoforos},
  journal={Physical Review Applied},
  volume={14},
  number={1},
  pages={014096},
  year={2020},
  publisher={APS}
}

@book{bengio2017deep,
  title={Deep learning},
  author={Bengio, Yoshua and Goodfellow, Ian and Courville, Aaron},
  volume={1},
  year={2017},
  publisher={MIT press Cambridge, MA, USA}
}

@article{li2023magnetic,
  title={Magnetic skyrmions: Basic properties and potential applications},
  author={Li, Sheng and Wang, Xuewen and Rasing, Theo},
  journal={Interdisciplinary Materials},
  volume={2},
  number={2},
  pages={260--289},
  year={2023},
  publisher={Wiley Online Library}
}

@article{mühlbauer2009skyrmion,
  title={Skyrmion lattice in a chiral magnet},
  author={Mühlbauer, Sebastian and Binz, Benedikt and Jonietz, Florian and Pfleiderer, Christian and Rosch, Achim and Neubauer, Anja and Georgii, Robert and Böni, Peter},
  journal={Science},
  volume={323},
  number={5916},
  pages={915--919},
  year={2009},
  publisher={American Association for the Advancement of Science}
}

@article{kang2016skyrmion,
  title={Skyrmion-electronics: An overview and outlook},
  author={Kang, Wang and Huang, Yangqi and Zhang, Xichao and Zhou, Yan and Zhao, Weisheng},
  journal={Proceedings of the IEEE},
  volume={104},
  number={10},
  pages={2040--2061},
  year={2016},
  publisher={IEEE}
}

@article{iakovlev2018supervised,
  title={Supervised learning approach for recognizing magnetic skyrmion phases},
  author={Iakovlev, IA and Sotnikov, OM and Mazurenko, VV},
  journal={Physical Review B},
  volume={98},
  number={17},
  pages={174411},
  year={2018},
  publisher={APS}
}